<record><leader>00000cas a22000007a 4500</leader><controlfield tag="001">12444353</controlfield><controlfield tag="008">850830d19131919mtuwr ne      0    0eng d</controlfield><datafield ind1=" " ind2=" " tag="010"><subfield code="a">sn 85053256 </subfield></datafield><datafield ind1=" " ind2=" " tag="040"><subfield code="a">MTL</subfield><subfield code="b">eng</subfield><subfield code="c">MTL</subfield><subfield code="d">OCLCQ</subfield></datafield><datafield ind1=" " ind2=" " tag="042"><subfield code="a">msc</subfield></datafield><datafield ind1="0" ind2="0" tag="245"><subfield code="a">Sheridan County news.</subfield></datafield><datafield ind1=" " ind2=" " tag="260"><subfield code="a">Plentywood, Mont. :</subfield><subfield code="b">G. Cook</subfield></datafield><datafield ind1=" " ind2=" " tag="300"><subfield code="a">v. :</subfield><subfield code="b">ill. ;</subfield><subfield code="c">55 cm.</subfield></datafield><datafield ind1=" " ind2=" " tag="310"><subfield code="a">Weekly</subfield></datafield><datafield ind1="1" ind2=" " tag="362"><subfield code="a">Began in Mar. 1913?</subfield></datafield><datafield ind1="1" ind2=" " tag="362"><subfield code="a">Ceased in 1919.</subfield><subfield code="z">Cf. Gregory, W. Amer. newspapers.</subfield></datafield><datafield ind1=" " ind2=" " tag="580"><subfield code="a">Continues: Antelope argus (non-extant).</subfield></datafield><datafield ind1=" " ind2=" " tag="588"><subfield code="a">Description based on: Vol. 4, no. 37 (May 23, 1913).</subfield></datafield><datafield ind1=" " ind2=" " tag="752"><subfield code="a">United States</subfield><subfield code="b">Montana</subfield><subfield code="c">Sheridan</subfield><subfield code="d">Plentywood.</subfield></datafield><datafield ind1="1" ind2="0" tag="780"><subfield code="t">Antelope argus</subfield></datafield><datafield ind1="0" ind2="4" tag="785"><subfield code="t">Producers news (Plentywood, Mont.)</subfield><subfield code="g">1919</subfield><subfield code="w">(DLC)sn 85053305</subfield></datafield></record>